@inproceedings{Salvadori2020,
author = {Salvadori, Ivan and Huf, Alexis and Siqueira, Frank},
booktitle = {2020 IEEE 44th Annual Computers, Software, and Applications Conference (COMPSAC)},
doi = {10.1109/COMPSAC48688.2020.00042},
file = {:home/ivan/.local/share/data/Mendeley Ltd./Mendeley Desktop/Downloaded/Salvadori, Huf, Siqueira - 2020 - Data Linking as a Service An Infrastructure for Generating and Publishing Linked Data on the Web.pdf:pdf},
isbn = {9781728173030},
pages = {262--271},
title = {{Data Linking as a Service : An Infrastructure for Generating and Publishing Linked Data on the Web}},
year = {2020}
}
@inproceedings{Oliveira2019,
address = {New York, New York, USA},
author = {Oliveira, Bruno C N and Huf, Alexis and Salvadori, Ivan and Siqueira, Frank},
booktitle = {Proceedings of the XV Brazilian Symposium on Information Systems - SBSI'19},
doi = {10.1145/3330204.3330258},
file = {:home/ivan/.local/share/data/Mendeley Ltd./Mendeley Desktop/Downloaded/Oliveira et al. - 2019 - Semantic Enrichment of Services for Linked Data Provision in SOA.pdf:pdf},
isbn = {9781450372374},
keywords = {all or part of,interoperability,ked data,lin-,ontology construction and matching,or,or hard copies of,permission to make digital,semantic web,service-oriented architecture,this work for personal},
pages = {1--8},
publisher = {ACM Press},
title = {{Semantic Enrichment of Services for Linked Data Provision in SOA}},
url = {http://dl.acm.org/citation.cfm?doid=3330204.3330258},
year = {2019}
}
@inproceedings{Salvadori2019,
author = {Salvadori, Ivan Luiz and Huf, Alexis and Siqueira, Frank},
booktitle = {2019 IEEE 43rd Annual Computer Software and Applications Conference (COMPSAC)},
doi = {10.1109/COMPSAC.2019.00065},
file = {:home/ivan/.local/share/data/Mendeley Ltd./Mendeley Desktop/Downloaded/Salvadori, Huf, Siqueira - 2019 - Semantic Data-Driven Microservices.pdf:pdf},
isbn = {978-1-7281-2607-4},
month = {jul},
pages = {402--410},
publisher = {IEEE},
title = {{Semantic Data-Driven Microservices}},
url = {https://ieeexplore.ieee.org/document/8754154/},
year = {2019}
}
@article{Oliveira2019a,
author = {Oliveira, Bruno C.N. and Huf, Alexis and Salvadori, Ivan Luiz and Siqueira, Frank},
doi = {10.1108/IJWIS-04-2018-0020},
file = {:home/ivan/.local/share/data/Mendeley Ltd./Mendeley Desktop/Downloaded/Oliveira et al. - 2019 - OntoGenesis an architecture for automatic semantic enhancement of data services.pdf:pdf},
issn = {1744-0084},
journal = {International Journal of Web Information Systems},
month = {apr},
number = {1},
pages = {2--27},
title = {{OntoGenesis: an architecture for automatic semantic enhancement of data services}},
url = {https://www.emeraldinsight.com/doi/10.1108/IJWIS-04-2018-0020 https://www.emerald.com/insight/content/doi/10.1108/IJWIS-04-2018-0020/full/html},
volume = {15},
year = {2019}
}
@inproceedings{Weingartner2017,
author = {Weingartner, Rafael and Martins, Pedro Henrique Pereira and Salvadori, Ivan Luiz and Westphall, Carla Merkle and Siqueira, Frank},
booktitle = {2017 IEEE/ACS 14th International Conference on Computer Systems and Applications (AICCSA)},
doi = {10.1109/AICCSA.2017.106},
file = {:home/ivan/.local/share/data/Mendeley Ltd./Mendeley Desktop/Downloaded/Weingartner et al. - 2017 - Improving OpenID Connect Federation's Interoperability with Web Semantics.pdf:pdf},
isbn = {978-1-5386-3581-0},
month = {oct},
pages = {1269--1276},
publisher = {IEEE},
title = {{Improving OpenID Connect Federation's Interoperability with Web Semantics}},
url = {http://ieeexplore.ieee.org/document/8308436/},
year = {2017}
}
@inproceedings{Salvadori2017,
author = {Salvadori, Ivan and Oliveira, Bruno C N and Huf, Alexis and Inacio, Eduardo C and Siqueira, Frank},
booktitle = {Proceedings of the 19th International Conference on Information Integration and Web-based Applications and Services - iiWAS '17},
doi = {10.1145/3151759.3151793},
file = {:home/ivan/.local/share/data/Mendeley Ltd./Mendeley Desktop/Downloaded/Salvadori et al. - 2017 - An Ontology Alignment Framework for Data-driven Microservices.pdf:pdf},
isbn = {9781450352994},
keywords = {mi-,ontology matching,semantic web,semantic web services},
title = {{An Ontology Alignment Framework for Data-driven Microservices}},
year = {2017}
}
@inproceedings{Oliveira2017,
author = {Oliveira, Bruno C N and Huf, Alexis and Salvadori, Ivan and Siqueira, Frank},
booktitle = {Proceedings of the 19th International Conference on Information Integration and Web-based Applications and Services - iiWAS '17},
doi = {10.1145/3151759.3151783},
file = {:home/ivan/.local/share/data/Mendeley Ltd./Mendeley Desktop/Downloaded/Oliveira et al. - 2017 - Automatic Semantic Enrichment of Data Services.pdf:pdf},
isbn = {9781450352994},
keywords = {data services,ontology construction,semantic web,web services},
title = {{Automatic Semantic Enrichment of Data Services}},
year = {2017}
}
@inproceedings{Huf2017,
author = {Huf, Alexis and Salvadori, Ivan and Siqueira, Frank},
booktitle = {2017 IEEE Symposium on Computers and Communications (ISCC)},
doi = {10.1109/ISCC.2017.8024654},
file = {:home/ivan/.local/share/data/Mendeley Ltd./Mendeley Desktop/Downloaded/Huf, Salvadori, Siqueira - 2017 - Planning and execution of heterogeneous service compositions.pdf:pdf},
isbn = {978-1-5386-1629-1},
keywords = {-service composition,heterogeneous systems,publish-subscribe,rest},
month = {jul},
pages = {987--993},
publisher = {IEEE},
title = {{Planning and execution of heterogeneous service compositions}},
url = {http://ieeexplore.ieee.org/document/8024654/},
year = {2017}
}
@article{Salvadori2017,
author = {Salvadori, Ivan Luiz and Huf, Alexis and Oliveira, Bruno C.N. and {dos Santos Mello}, Ronaldo and Siqueira, Frank},
doi = {10.1108/IJWIS-04-2017-0029},
editor = {Taniar, David and Pardede, Eric},
file = {:home/ivan/.local/share/data/Mendeley Ltd./Mendeley Desktop/Downloaded/Salvadori et al. - 2017 - Improving entity linking with ontology alignment for semantic microservices composition.pdf:pdf},
issn = {1744-0084},
journal = {International Journal of Web Information Systems},
month = {aug},
number = {3},
pages = {302--323},
title = {{Improving entity linking with ontology alignment for semantic microservices composition}},
url = {http://www.emeraldinsight.com/doi/10.1108/IJWIS-04-2017-0029},
volume = {13},
year = {2017}
}
@inproceedings{DeCamargo2016,
address = {New York, New York, USA},
author = {de Camargo, Andr{\'{e}} and Salvadori, Ivan and Mello, Ronaldo dos Santos and Siqueira, Frank},
booktitle = {Proceedings of the 18th International Conference on Information Integration and Web-based Applications and Services - iiWAS '16},
doi = {10.1145/3011141.3011179},
file = {:home/ivan/.local/share/data/Mendeley Ltd./Mendeley Desktop/Downloaded/de Camargo et al. - 2016 - An architecture to automate performance tests on microservices.pdf:pdf},
isbn = {9781450348072},
pages = {422--429},
publisher = {ACM Press},
title = {{An architecture to automate performance tests on microservices}},
url = {http://dl.acm.org/citation.cfm?doid=3011141.3011179},
year = {2016}
}
@inproceedings{Salvadori2016,
address = {Mannheim, Germany},
author = {Salvadori, Ivan and Huf, Alexis and Siqueira, Frank},
booktitle = {15th International Conference WWW/Internet},
editor = {Isa{\'{i}}as, Pedro},
file = {:home/ivan/.local/share/data/Mendeley Ltd./Mendeley Desktop/Downloaded/Salvadori, Huf, Siqueira - 2016 - An Agent-based Composition Model for Semantic Microservices.pdf:pdf},
isbn = {978-989-8533-57-9},
keywords = {agents,composition,microservices,semantic web services},
pages = {75--82},
publisher = {IADIS Press},
title = {{An Agent-based Composition Model for Semantic Microservices}},
url = {http://iadisportal.org/digital-library/an-agent-based-composition-model-for-semantic-microservices},
year = {2016}
}
@inproceedings{Salvadori2016,
address = {New York, New York, USA},
author = {Salvadori, Ivan and Huf, Alexis and Mello, Ronaldo dos Santos and Siqueira, Frank},
booktitle = {Proceedings of the 18th International Conference on Information Integration and Web-based Applications and Services - iiWAS '16},
doi = {10.1145/3011141.3011155},
file = {:home/ivan/.local/share/data/Mendeley Ltd./Mendeley Desktop/Downloaded/Salvadori et al. - 2016 - Publishing linked data through semantic microservices composition.pdf:pdf},
isbn = {9781450348072},
keywords = {composition,linked data,microservices},
pages = {443--452},
publisher = {ACM Press},
title = {{Publishing linked data through semantic microservices composition}},
url = {http://dl.acm.org/citation.cfm?doid=3011141.3011155},
year = {2016}
}
@inproceedings{Oliveira2016,
address = {Mannheim, Germany},
author = {Oliveira, Bruno C N and Salvadori, Ivan and Huf, Alexis and Siqueira, Frank},
booktitle = {15th International Conference WWW/Internet},
editor = {Isa{\'{i}}as, Pedro},
file = {:home/ivan/.local/share/data/Mendeley Ltd./Mendeley Desktop/Downloaded/Oliveira et al. - 2016 - A platform to enrich, expand and publish linked data of police reports.pdf:pdf},
isbn = {978-989-8533-57-9},
keywords = {linked data,semantic web,web api},
pages = {111--118},
publisher = {IADIS Press},
title = {{A platform to enrich, expand and publish linked data of police reports}},
url = {http://iadisportal.org/digital-library/a-platform-to-enrich-expand-and-publish-linked-data-of-police-reports},
year = {2016}
}
@inproceedings{Huf2016,
author = {Huf, Alexis and Salvadori, Ivan and Siqueira, Frank},
booktitle = {2016 IEEE International Conference on Services Computing (SCC)},
doi = {10.1109/SCC.2016.97},
file = {:home/ivan/.local/share/data/Mendeley Ltd./Mendeley Desktop/Downloaded/Huf, Salvadori, Siqueira - 2016 - A Service-Oriented Approach for Integrating Broadcast Facilities.pdf:pdf},
isbn = {978-1-5090-2628-9},
keywords = {-service composition,broadcast automation,system},
month = {jun},
pages = {705--712},
publisher = {IEEE},
title = {{A Service-Oriented Approach for Integrating Broadcast Facilities}},
url = {http://ieeexplore.ieee.org/document/7557517/},
year = {2016}
}
@inproceedings{Salvadori2015,
author = {Salvadori, Ivan and Siqueira, Frank},
booktitle = {2015 IEEE International Conference on Web Services},
doi = {10.1109/ICWS.2015.98},
file = {:home/ivan/.local/share/data/Mendeley Ltd./Mendeley Desktop/Downloaded/Salvadori, Siqueira - 2015 - A Maturity Model for Semantic RESTful Web APIs(2).pdf:pdf},
isbn = {978-1-4673-7272-5},
mendeley-groups = {Web/MaturityModels},
month = {jun},
pages = {703--710},
publisher = {IEEE},
title = {{A Maturity Model for Semantic RESTful Web APIs}},
url = {http://ieeexplore.ieee.org/lpdocs/epic03/wrapper.htm?arnumber=7195633 http://ieeexplore.ieee.org/document/7195633/},
year = {2015}
}
@inproceedings{Salvadori2014,
author = {Salvadori, Ivan Luiz and Siqueira, Frank},
booktitle = {2014 IEEE International Conference on Web Services},
doi = {10.1109/ICWS.2014.93},
file = {:home/ivan/.local/share/data/Mendeley Ltd./Mendeley Desktop/Downloaded/Salvadori, Siqueira - 2014 - A Framework for Semantic Description of RESTful Web APIs.pdf:pdf},
isbn = {978-1-4799-5054-6},
month = {jun},
pages = {630--637},
publisher = {IEEE},
title = {{A Framework for Semantic Description of RESTful Web APIs}},
url = {http://ieeexplore.ieee.org/lpdocs/epic03/wrapper.htm?arnumber=6928953},
year = {2014}
}
@inproceedings{Salvadori2014a,
author = {Salvadori, Ivan and Siqueira, Frank},
booktitle = {Linked Open Data Brasil},
doi = {10.13140/RG.2.1.4068.8803},
file = {:home/ivan/.local/share/data/Mendeley Ltd./Mendeley Desktop/Downloaded/Salvadori, Siqueira - 2014 - Desenvolvimento de Web APIs RESTful Sem{\^{a}}nticas.pdf:pdf},
pages = {111--126},
title = {{Desenvolvimento de Web APIs RESTful Sem{\^{a}}nticas}},
year = {2014}
}

